%%%tesisupiita )Tesis: UPIITA-IPN
%Copyright (C) 2017 Juan Carlos Guzmán Salgado
%% Griselda Sánchez Otero
% ------------------------------------------------------------------------
% SAMPLE BIBLIOGRAPHY FILE
% ------------------------------------------------------------------------[1]
 @book{ROS_book,
 place={Seoul, Republic of Korea},
 title={ROS Robot Programming},
 publisher={ROBOTIS Co,Ltd},
 author={YoonSeok, P. and HanCheol, C. and RyuWoon, J. and TaeHoon, Lim},
 year={2017}}
%-------------------------------------------------------------------------[2]
 @MANUAL{e-Manual-Features,
   author = {Robotis},
   title= {e-Manual Features},
   journal= {Robotis},
   url = {http://emanual.robotis.com/docs/en/platform/turtlebot3/features/},
   note = {http://emanual.robotis.com},
   year = {2016}}
%-------------------------------------------------------------------------[3]
 @MANUAL{e-Manual-specifications,
   author = {Robotis},
   title= {Robotis e-Manual},
   journal= {Robotis},
   url = {http://emanual.robotis.com/docs/platform/turtlebot3/specifications/hardware-specifications},
   note = {http://emanual.robotis.com},
   year = {2016} }
%-------------------------------------------------------------------------[4]
 @MANUAL{AutoModelCar,
   author = {Freie Universit$\ddot{a}$t Berlin},
   title= {Automodel Car},
   journal= {GitHub},
   organization = {Dahlem Center for Machine Learning and Robotics, Freie Universit$\ddot{a}$t Berlin},
   url = {https://github.com/AutoModelCar/AutoModelCarWiki/wiki/Navigation},
   note = {https://github.com/AutoModelCar/AutoModelCarWiki/wiki/Navigation},
   year = {2018} }
%-------------------------------------------------------------------------[5]
 @MANUAL{install-ubuntu,
   author = "Robotis",
   title= "install-ubuntu-on-remote-pc",
   journal= "Robotis",
   organization = "Jekyll and Minimal Mistakes",
   note = "http://emanual.robotis.com/docs/en/platform/turtlebot3/pcsetup/install-ubuntu-on-remote-pc",
   year = {2016}}
%-------------------------------------------------------------------------[6]
 @MANUAL{LIPO-Battery,
   author = "Robotis",
   title= "LIPO Battery 11.1V",
   journal= "Robotis",
   organization = "Purdue University",
   note = "http://www.robotis.us/lipo-battery-11-1v-1800mah-lb-012/",
   year = {2018} }
%-------------------------------------------------------------------------[7]
 @MANUAL{Bateria-de-polimero-de-litio,
   author = "GTK",
   title= "Bater\'ia de pol\'imero de litio",
   journal= "Aliexpress",
   organization = "Shenzhen Foxell Technologies Co., Ltd",
   note = "https://es.aliexpress.com/item/1-unids-11-1-V-5C-1800-mAh-li-po-bater-a-de-pol-mero-de/32830921404.html",
   year = {2018} }
%-------------------------------------------------------------------------[8]
 @MANUAL{DYNAMIXEL,
   author = "Ro-Botica",
   title= "Motores DYNAMIXEL",
   journal= "Robotis",
   organization = "Accensit",
   note = "http://ro-botica.com/tienda/ROBOTIS-DYNAMIXEL",
   year = {2018} }
%-------------------------------------------------------------------------[9]
 @MANUAL{DYNAMIXEL_Motor,
   author = "Ro-Botica",
   title= "DYNAMIXEL XL430-W250",
   journal= "Robotis",
   organization = "Accensit",
   note = "http://emanual.robotis.com/docs/en/dxl/x/xl430-w250/control-table-of-eeprom-area",
   year = {2016} }
%-------------------------------------------------------------------------[10]
 @book{siegwart_nourbakhsh_scaramuzza_2011,
 place={Cambridge, MA},
 title={Introduction to autonomous mobile robots},
 publisher={MIT},
 author={Siegwart, Roland and Nourbakhsh, Illah Reza and Scaramuzza, Davide},
 year={2011}}
%-------------------------------------------------------------------------[11]
 @book{thrun_burgard_fox_2010,
  place={Cambridge, MA},
  title={Probabilistic robotics},
  publisher={MIT Press},
  author={Thrun, Sebastian and Burgard, Wolfram and Fox, Dieter},
  year={2010}}
%-------------------------------------------------------------------------[12]
 @misc{servocity.com,
  author={Jet},
  title={TX1 Jet Robot Kit},
  url={https://www.servocity.com/tx1-jet-robot-kit},
  note={https://www.servocity.com/tx1-jet-robot-kit},
  journal={ServoCity.com},
  year = {2017}}
%-------------------------------------------------------------------------[13]
 @article{ulrich_borenstein_1998,
  title={VFH : reliable obstacle avoidance for fast mobile robots},
  url={https://ieeexplore.ieee.org/document/677362},
  note={https://ieeexplore.ieee.org/document/677362},
  DOI={10.1109/robot.1998.677362},
  journal={Proceedings. 1998 IEEE International Conference on Robotics and Automation (Cat. No.98CH36146)},
  author={Ulrich, I. and Borenstein, J.},
  year={1998},
  month={May},
  pages={1572 to 1577}}
%-------------------------------------------------------------------------[14]
 @article{darpa,
 title={Route Network Definition File (RNDF) and Mission Data File (MDF) Formats},
 volume={1},
 url={https://www.grandchallenge.org/grandchallenge/docs/RNDF_MDF_Formats_031407.pdf},
 note={https://www.grandchallenge.org/grandchallenge/docs/RNDF\_MDF\_Formats\_031407.pdf},
 journal={Grandchallenge},
 author={Darpa},
 year={2007},
 pages={4 to 9}}
%-------------------------------------------------------------------------[15]
 @misc{ribeiro_2005,
 title={Obstacle Avoidance},
 author={Ribeiro, Maria Isabel},
 year={2005},
 month={Nov},
 url={http://users.isr.ist.utl.pt/~mir/pub/ObstacleAvoidance.pdf},
 note={http://users.isr.ist.utl.pt/~mir/pub/ObstacleAvoidance.pdf}}
%-------------------------------------------------------------------------[16]
 @misc{flotilla_de_robots,
 title={Flotilla de robots para trabajos en robotica cooperativa},
 school={Universidad Militar Nueva Granada},
 url={https://repository.unimilitar.edu.co/bitstream/handle/10654/12129/FLOTILLA%20DE%20ROBOTS%20PARA%20TRABAJOS%20EN%20ROBOTICA%20COOPERATIVA.pdf;jsessionid=11B6D2EE99703DB9B174136EB0720F82?sequence=1},
 journal={unimilitar},
 author={Molina Villa, Manuel Alejandro and Rodr\'iguez V\'asquez, Edgar Leonardo},
 year={2014}}
%-------------------------------------------------------------------------[17]
 @article{formacion_robots,
  title={Formaci\'on de robots m\'oviles mediante el uso de controladores},
  url={https://revistas.usb.edu.co/index.php/IngUSBmed/article/viewFile/293/208},
  journal={USBMed},
  author={Riveros Guevara, Adriana and Solaque Guzm\'an, Leonardo Enrique},
  year={2013},
  month={December},
  pages={63 to 64}}
%-------------------------------------------------------------------------[18]
 @misc{robot_movil_upiita,
 title={Construcci\'on y Control de un Robot M\'ovil},
 school={Unidad Profesional Interdisciplinaria en Ingenier\'ia y Tecnolog\'ias Avanzadas},
 url={https://tesis.ipn.mx/bitstream/handle/123456789/12404/Construcci%C3%B3n%20y%20control%20de%20un%20robot%20m%C3%B3vil.pdf?sequence=1&isAllowed=y},
 journal={IPN},
 author={Ju\'arez Palafox, Jeannete and Muro Maldonado, David and Franco Gonz\'alez, Adri\'an},
 year={2005}}
%-------------------------------------------------------------------------[19]
 @article{backstepping,
  title={Backstepping based multiple mobile robots formation control},
  url={https://ieeexplore.ieee.org/document/1545161/authors#authors},
  journal={ieeexplore},
  author={Xiaohai, Li and Jizong, Xiaoan and Zijun, Cai},
  year={2005},
  month={August}}
%-------------------------------------------------------------------------[20]
 @misc{seguimiento_de_robots,
 title={Seguimiento de robots mediante visi\'on artificial. Aplicaci\'on al mantenimiento de formaciones basada en comportamientos},
 school={Escuela Polit\'ecnica Superior de Elche},
 url={http://isa.umh.es/pfc/rcoop1/doc/Memoria.pdf},
 journal={umh},
 author={Juli\'a Crist\'obal, Miguel},
 year={2005}}
%-------------------------------------------------------------------------[21]
 @article{formation_control,
  title={Formation control of nonholonomic mobile robots with omnidirectional visual servoing and motion segmentation},
  url={https://ieeexplore.ieee.org/document/1241657},
  journal={ieeexplore},
  author={Vidal, R and Shakernia, O and Sastry, S},
  year={2003},
  month={September}}
%-------------------------------------------------------------------------[22]
 @article{control_visual,
  title={Control visual para la formaci\'on de robots m\'oviles tipo uniciclo bajo el esquema l\'ider seguidor},
  url={http://www.revistas.unam.mx/index.php/ingenieria/article/view/45906/41134},
  journal={UNAM},
  author={Bugarin Carlos, Eusebio and Aguilar Bustos, Ana Yaveni},
  year={2014},
  month={December}}
%-------------------------------------------------------------------------[23]
@misc{gerkey_lu_ferguson_hoy ,
title={AMCL}, url={http://wiki.ros.org/amcl},
note={http://wiki.ros.org/amcl},
journal={ros.org},
author={Gerkey, Brian P. and Lu, David V. and Ferguson, Michael and Hoy , Aaron},
year = {2018}}
%-------------------------------------------------------------------------[24]
@misc{opencr,
title={OpenCR},
url={http://emanual.robotis.com/docs/en/parts/controller/opencr10/},
note={http://emanual.robotis.com/docs/en/parts},
journal={ROBOTIS e-Manual},
author={Robotis},
year = {2018}}
%-------------------------------------------------------------------------[25]
 @misc{turtlebot3,
 title={TurtleBot 3 Burger [US]},
 url={http://www.robotis.us/turtlebot-3-burger-us/},
 journal={DYNAMIXEL All-in-one Smart Actuator},
 publisher={Robotis},
 author={Rangel and Cortina, Alfredo and Park, Jae Yang and Lloyd},
 year = {2016}}
%-------------------------------------------------------------------------[26]
 @misc{raspberry_pi3,
 author={Robotis},
 title={Raspberry Pi 3 Model B},
 url={https://www.raspberrypi.org/products/raspberry-pi-3-model-b/},
 note={https://www.raspberrypi.org/products/raspberry-pi-3-model-b/},
 journal={Raspberry Pi Forums},
 year = {2016}}
%-------------------------------------------------------------------------[27]
 @article{borenstein_koren_1991,
 title={The vector field histogram-fast obstacle avoidance for mobile robots},
 volume={7},
 url={https://ieeexplore.ieee.org/abstract/document/88137},
 DOI={10.1109/70.88137}, number={3},
 journal={IEEE Transactions on Robotics and Automation},
 author={Borenstein, J. and Koren, Y.},
 year={1991},
 pages={278 to 288}}
%-------------------------------------------------------------------------[28]
 @book{bishop_2008,
 place={Boca Raton, FL},
 title={The mechatronics handbook},
 publisher={London},
 author={Bishop, Robert H.},
 year={2008}}
%-------------------------------------------------------------------------[29]
 @misc{rosbot,
 title={ROSbot 2.0},
 url={https://store.husarion.com/collections/dev-kits/products/rosbot?variant=8799150276662},
 note={https://store.husarion.com/collections/dev-kits/products/rosbot?variant=8799150276662},
 journal={Husarion Store},
 author={Husarion Store},
 year = {2017}}
%-------------------------------------------------------------------------[30]
 @book{harashima_1996,
 title={Mechatronics, What is it, why and how?},
 publisher={IEEE/ASME Transactions on Mechatronics},
 author={Harashima, F. and Tomizuka, M. and Fukuda, T.},
 year={1996}}
%-------------------------------------------------------------------------[31]
 @phdthesis{gerard_bruno_2005,
  title={El Proceso de An\'alisis Jer\'arquico (AHP) como Herramienta para la Toma de Decisiones en la Selecci\'on de Proveedores},
  url={http://sisbib.unmsm.edu.pe/bibvirtual/monografias/basic/toskano_hg/toskano_hg.htm},
  journal={Sistema de Bibliotecas},
  note={http://sisbib.unmsm.edu.pe/bibvirtualdata/Tesis/Basic/toskano\_hg/cap3.PDF},
  school={Univesidad Mayor de San Marcos},
  author={G\'erard Bruno, oskano Hurtado},
  year={2005}}
%-------------------------------------------------------------------------[32]
@INPROCEEDINGS{lfa1,
	author={T. Petrinic and I. Petrovic},
	booktitle={2013 36th International Convention on Information and Communication Technology, Electronics and Microelectronics (MIPRO)},
	title={A leader-follower approach to formation control of multiple non-holonomic mobile robots},
	year={2013},
	pages={931 to 935},
	month={May}}
%-------------------------------------------------------------------------[33]
 @article{lfa2,
 title={Tracking Algorithm Using Leader Follower Approach for Multi Robots},
 volume={64},
 url={https://www.sciencedirect.com/science/article/pii/S1877705813017384#bibl0005},
 DOI={10.1016/j.proeng.2013.09.224},
 journal={Procedia Engineering},
 author={Madhevan, B. and Sreekumar, M.},
 year={2013},
 pages={1426 to 1435}}
%-------------------------------------------------------------------------[34]
 @misc{repartidor_autonomo,
 title={Robot Repartidor Auton\'onomo},
 school={Unidad Profesional Interdisciplinaria en Ingenier\'ias y Tecnolog\'ias Avanzadas},
 author={Garc\'ia Tovar, V\'ictor Eduardo and Guzm\'an Mart\'inez, Salvador and P\'erez Nicol\'as, Pedro and Ter\'an Chapul, Roberto Enrique},
 year={2017}}
%-------------------------------------------------------------------------[35]
 @misc{sistemas_navegacion,
 title={Sistema de navegaci\'on evasor de obsta\'aculos en un robot m\'ovil},
 school={Unidad Profesional Interdisciplinaria en Ingenier\'ias y Tecnolog\'ias Avanzadas},
 author={Lagunes Fortiz, Miguel Antonio},
 year={2014}}
%-------------------------------------------------------------------------[36]
 @article{U_P_Cartagena,
 title={ROS: Robot Operating System},
 url={repositorio.upct.es/bitstream/10317/3597/1/pfc5588.pdf},
 journal={Universidad Polit\'ecnica de Cartagena},
 author={Alvaro, G.C},
 year={2013}}
%-------------------------------------------------------------------------[37]
@misc{Topics ,
title={Topics}, 
url={http://wiki.ros.org/topics},
note={http://wiki.ros.org/topics},
journal={ros.org},
author={RullyFoote},
year = {2019}}
%-------------------------------------------------------------------------[38]
@MANUAL{e-Manual-structure,
	author = {Robotis},
	title= {e-Manual specifications},
	journal= {Robotis},
	url = {http://emanual.robotis.com/docs/en/platform/turtlebot3/specifications/},
	note = {http://emanual.robotis.com/docs/en/platform/turtlebot3/specifications/},
	year = {2016} }
%-------------------------------------------------------------------------[39]
 @misc{qt_build,
	title={qt-build},
	url={http://wiki.ros.org/qt-build},
	note={http://wiki.ros.org/qt\_ros},
	journal={wiki ros},
	publisher={ros},
	author={ROS},
	year={2014},
	month={Feb}}
%-------------------------------------------------------------------------[40]
@misc{catkin_make,
	title={catkin make},
	url={http://wiki.ros.org/catkin/commands/catkin\_make},
	note={http://wiki.ros.org/catkin/commands/catkin\_make},
	journal={wiki ros},
	publisher={ros},
	author={ROS},
	year={2014},
	month={Feb}}
% ------------------------------------------------------------------------[41]
@manual{install_ubuntu,
	title={Install Ubuntu},
	url={https://www.linuxtechi.com/install-ubuntu-16-04-with-screenshots/},
	note={https://www.linuxtechi.com/install-ubuntu-16-04-with-screenshots/},
	journal={linuxtechi},
	publisher={linuxtechi},
	author={Pradeep Kumar},
	year={2016},
	month={Apr}}
% ------------------------------------------------------------------------[42]
@manual{ssh,
	title={SSH (Secure Shell)},
	url={https://www.raspberrypi.org/documentation/remote-access/ssh/},
	note={https://www.raspberrypi.org/documentation/remote-access/ssh/},
	journal={Raspberrypi.org},
	publisher={Raspberrypi.org},
	author={Raspberrypi.org},
	year={2013},
	month={Feb}}
% ------------------------------------------------------------------------[43]
@article{framework,
	title={Qu\'e es un framework web},
	url={http://www.lsi.us.es/~javierj/investigacion_ficheros/Framework.pdf},
	author={Javier Guti\'errez},
	journal={ros.org},
	year={2014}}
%-------------------------------------------------------------------------[44]
@misc{names ,
	title={Names}, 
	url={http://wiki.ros.org/Names},
	note={http://wiki.ros.org/Names},
	journal={ros.org},
	author={Adam Allevato},
	year = {2019}}